@article{Abdullah_Zeki_2014, title={Frontend and backend web technologies in social networking sites: Facebook as an example}, DOI={10.1109/acsat.2014.22}, journal={2014 3rd International Conference on Advanced Computer Science Applications and Technologies}, author={Abdullah, Hanin M. and Zeki, Ahmed M.}, year={2014}}

@article{Brito_Mombach_Valente_2019, title={Migrating to graphql: A practical assessment}, DOI={10.1109/saner.2019.8667986}, journal={2019 IEEE 26th International Conference on Software Analysis, Evolution and Reengineering (SANER)}, author={Brito, Gleison and Mombach, Thais and Valente, Marco Tulio}, year={2019}}

@article{Challapalli_Kaushik_Suman_Shivahare_Bibhu_Gupta_2021, title={Web development and performance comparison of Web Development Technologies in node.js and Python}, DOI={10.1109/ictai53825.2021.9673464}, journal={2021 International Conference on Technological Advancements and Innovations (ICTAI)}, author={Challapalli, Sai Sri and Kaushik, Prakarsh and Suman, Shashikant and Shivahare, Basu Dev and Bibhu, Vimal and Gupta, Amar Deep}, year={2021}}

@misc{Clark, title={Backend Frameworks In 2023}, url={https://blog.back4app.com/backend-frameworks/}, journal={Back4App}, author={Clark, J}}

@article{Chen_Tang_Wang_Zhao_Guo_2016, title={Towards scalable and reliable in-memory storage system: A case study with Redis}, DOI={10.1109/trustcom.2016.0255}, journal={2016 IEEE Trustcom/BigDataSE/ISPA}, author={Chen, Shanshan and Tang, Xiaoxin and Wang, Hongwei and Zhao, Han and Guo, Minyi}, year={2016}}

@article{Chou_Chen_Ding_Tu_Xu_2013, title={A method of optimizing django based on greedy strategy}, DOI={10.1109/wisa.2013.41}, journal={2013 10th Web Information System and Application Conference}, author={Chou, Jian and Chen, Lin and Ding, Hui and Tu, Jingxuan and Xu, Baowen}, year={2013}} 

@article{Combe_Martin_Di_Pietro_2016, title={To Docker or not to Docker: A security perspective}, volume={3}, DOI={10.1109/mcc.2016.100}, number={5}, journal={IEEE Cloud Computing}, author={Combe, Theo and Martin, Antony and Di Pietro, Roberto}, year={2016}, pages={54–62}} 

@article{Constantinides_2004, title={Influencing the online consumer’s behavior: The web experience}, volume={14}, DOI={10.1108/10662240410530835}, number={2}, journal={Internet Research}, author={Constantinides, Efthymios}, year={2004}, pages={111–126}} 

@article{Eisbach_Daugs_Thielsch_Bohmer_Hertel_2023, title={Predicting Rating Distributions of Website Aesthetics with Deep Learning for AI-Based Research}, volume={30}, DOI={ 10.1145/3604411}, number={3}, journal={ACM Transactions on Computer-Human Interaction}, author={Eisbach, Simon and Daugs, Fabian and Thielsch, Meinald T and Bohmer, Matthias and Hertel, Guido}, year={2023}, month={Jun}} 

@article{Hartig_Pérez_2018, title={Semantics and complexity of graphql}, DOI={10.1145/3178876.3186014}, journal={Proceedings of the 2018 World Wide Web Conference on World Wide Web - WWW ’18}, author={Hartig, Olaf and Pérez, Jorge}, year={2018}, month={Apr}} 

@article{Haupt_Leymann_Scherer_Vukojevic-Haupt_2017, title={A framework for the structural analysis of REST apis}, DOI={10.1109/icsa.2017.40}, journal={2017 IEEE International Conference on Software Architecture (ICSA)}, author={Haupt, Florian and Leymann, Frank and Scherer, Anton and Vukojevic-Haupt, Karolina}, year={2017}} 

@article{Ivory_Megraw_2005, title={Evolution of web site design patterns}, volume={23}, DOI={10.1145/1095872}, number={4}, journal={ACM Transactions on Information Systems}, author={Ivory, Melody Y and Megraw, Rodrick}, year={2005}, month={Oct}} 

@book{Ravindran_2018, place={Birmingham, Mumbai}, title={Django Design Patterns and Best Practices: Industry-standard web development techniques and solutions using Python}, publisher={Packt}, author={Ravindran, Arun}, year={2018}} 

@inbook{Norman_1988, place={New York, NY}, booktitle={The design of everyday things}, publisher={Basic Books}, author={Norman, Donald A.}, year={1988}} 

@misc{back4app, url={https://blog.back4app.com/backend-frameworks/}, journal={back4app}} 

@misc{Bisiakowski, title={Why we use Vite instead of Create React App}, url={https://makimo.com/blog/why-we-use-vite-instead-of-create-react-app/}, journal={Makimo}, author={Bisiakowski, Dominik}} 

@misc{Brito_Valente_2020, title={Rest vs GraphQL: A controlled experiment}, url={https://ieeexplore.ieee.org/abstract/document/9101226}, journal={IEEEXplore}, publisher={Federal University of Minas Gerais}, author={Brito, Gleison and Valente, Marco Tulio}, year={2020}} 

@misc{Chen1_Ji1_Fan1_Zhan2_2017, title={Restful API Architecture Based on Laravel Framework}, url={https://iopscience.iop.org/article/10.1088/1742-6596/910/1/012016/meta}, journal={Journal of Physics: Conference Series}, publisher={IOP Publishing}, author={Chen1, Xianjun and Ji1, Zhoupeng and Fan1, Yu and Zhan2, Yongsong}, year={2017}, month={Oct}} 

@misc{Chen_Crandall_Su_2017, url={https://vision.soic.indiana.edu/papers/webevolution2017chi.pdf}, journal={Understanding the aesthetic evolution of websites: Towards a notion of ...}, publisher={Indiana University}, author={Chen, Wen and Crandall, David J and Su, Norman Makoto}, year={2017}} 

@misc{Copes_2021, title={JWT authentication: Best practices and when to use it}, url={https://blog.logrocket.com/jwt-authentication-best-practices/}, journal={Log Rocket}, author={Copes, Flavio}, year={2021}, month={Jun}} 

@misc{Dugar_2018, title={Jinja2 Explained in 5 Minutes!}, url={https://codeburst.io/jinja-2-explained-in-5-minutes-88548486834e}, journal={Codeburst.io}, author={Dugar, Diva}, year={2018}, month={Mar}} 

@misc{Ekler_Levendovszky_Janoky_2018, url={https://journals.sagepub.com/doi/10.1177/1550147718801535}, journal={An analysis on the revoking mechanisms for JSON web tokens}, publisher={International Journal of Distributed Sensor Networks}, author={Ekler, Peter and Levendovszky, Janos and Janoky, Laszlo Viktor}, year={2018}} 

@misc{Khatri_Johns_2023, title={Flask vs Django: Which Python Web Framework to Use in 2023?}, url={https://hackr.io/blog/flask-vs-django}, journal={hackr.io}, author={Khatri, Vijay S and Johns, Robert}, year={2023}, month={Jul}} 

@misc{Li_Manoharan_2013, title={A performance comparison of SQL and NoSQL databases}, url={https://ieeexplore.ieee.org/abstract/document/6625441}, journal={IEEEXplore}, publisher={University of Auckland}, author={Li, Yishan and Manoharan, Sathiamoorthy}, year={2013}, month={Oct}} 

@misc{Stolberg_2009, title={Enabling agile testing through continuous integration}, url={https://ieeexplore.ieee.org/abstract/document/5261055}, journal={IEEEXplore}, publisher={Pacific Northwest National Laboratory}, author={Stolberg, Sean}, year={2009}} 

@misc{Stubailo_2021, title={GraphQL vs. REST}, url={https://www.apollographql.com/blog/graphql/basics/graphql-vs-rest/}, journal={Apollo Blog}, author={Stubailo, Shashko}, year={2021}, month={Oct}} 

@misc{Villamizar_Garcés_Castro_Salamanca_Casallas_2017, title={Evaluating the Monolithic and the Microservice Architecture Pattern to Deploy Web Applications in the Cloud}, url={https://ieeexplore.ieee.org/abstract/document/7333476/}, journal={IEEEXplore}, publisher={Universidad de los Andes}, author={Villamizar, Mario and Garcés, Oscar and Castro, Harold and Salamanca, Lorena and Casallas, Rubby}, year={2017}} 

@misc{Wozniak_2014, title={What ORMs have taught me: just learn SQL}, url={https://wozniak.ca/blog/2014/08/03/1/index.html?amp%3Butm_medium=referral}, journal={wozniak.ca}, author={Wozniak, Geoff}, year={2014}, month={Aug}} 

@phdthesis{Xu_2021, title={Benchmark Comparison of JavaScript Frameworks React, Vue, Angular and Svelte}, author={Xu, Wenqing}, year={2021}}

@misc{Krotoff, title={Front-end frameworks popularity (react, Vue, angular and Svelte)}, url={https://gist.github.com/tkrotoff/b1caa4c3a185629299ec234d2314e190}, journal={Github}, author={Krotoff, Tanguy}} 

@misc{GraphQL, title={GraphQL}, url={https://graphql.org/}, journal={GraphQL}, publisher={GraphQL}, author={Meta}} 

@misc{Red_Hat_Devops_2022, author={RedHat}, title={What is CI/CD?}, url={https://www.redhat.com/en/topics/devops/what-is-ci-cd}, journal={Red Hat Devops}, publisher={Red Hat}, year={2022}, month={May}} 

@misc{Dhaduk_2023, title={Angular vs React: Which to Choose for Your Front End in 2023?}, url={https://www.simform.com/blog/angular-vs-react/}, journal={Simform}, author={Dhaduk, Hiren}, year={2023}, month={Apr}} 